<?xml version="1.0" encoding="UTF-8"?><collection xmlns="http://www.loc.gov/MARC21/slim"><record><leader>00475nam--2200169-i-4500</leader><controlfield tag="001">000012215</controlfield><controlfield tag="002">20161230</controlfield><controlfield tag="005">20161230201029</controlfield><controlfield tag="008">060222s1000------------r-----000-0-eng-d</controlfield><datafield ind1=" " ind2=" " tag="040"><subfield code="a">IFIN-HH</subfield></datafield><datafield ind1=" " ind2=" " tag="080"><subfield code="a">62-52(038):681.324(038)+802.0</subfield></datafield><datafield ind1="1" ind2=" " tag="100"><subfield code="a">Blandu, Mihaela</subfield></datafield><datafield ind1=" " ind2=" " tag="245"><subfield code="a">Limba engleza</subfield><subfield code="b">Automatica si calculatoare</subfield><subfield code="c">Mihaela blandu</subfield></datafield><datafield ind1=" " ind2=" " tag="260"><subfield code="a">Bucuresti</subfield><subfield code="b">Editura Didactica Si Pedagogica</subfield><subfield code="c">1977</subfield></datafield><datafield ind1=" " ind2=" " tag="300"><subfield code="a">302 P</subfield></datafield><datafield ind1=" " ind2=" " tag="852"><subfield code="a">45037</subfield><subfield code="c">4</subfield></datafield><datafield ind1=" " ind2=" " tag="CAT"><subfield code="a">Sys</subfield><subfield code="c">20130206</subfield><subfield code="h">154157</subfield></datafield></record></collection>